2978 4996
142 289 188 360 42
513 306 721 359 aenomaus
745 307 790 360 os
815 305 936 360 meon.

141 498 198 559 pra
212 497 298 539 anno
320 483 354 539 et
376 476 512 539 dimidio
534 475 636 538 linitis
659 475 698 537 ad
723 475 842 538 festum
866 475 977 538 Sancti
1000 472 1171 538 Michaelis
1191 473 1293 538 Arch-

139 574 359 657 angelicane
375 574 474 636 tercio
489 573 590 655 Regis
605 569 760 655 praedicti.

614 762 816 823 Annsamrl.

207 899 317 978 Nulla,
332 900 409 983 qnia
425 905 476 961 est
491 899 615 982 primus
630 903 797 980 compotus
812 897 853 959 ad
870 917 965 961 usum
981 897 1105 959 domini
1121 896 1233 980 Regis.

936 994 1082 1071 Summa,
1100 995 1203 1056 nulls.

527 1166 694 1228 Raranrus
716 1180 757 1228 aa
780 1164 899 1227 Fraus.

208 1305 271 1367 Sed
299 1303 473 1387 respondet
497 1303 537 1365 de
568 1303 652 1365 xvii.
677 1303 767 1364 xixs.
794 1301 849 1383 viij
862 1301 894 1364 d.
918 1301 960 1363 de
986 1301 1116 1363 redditu
1141 1307 1177 1363 et
1202 1301 1296 1362 firma

140 1403 339 1464 ‹livorsorum
355 1409 514 1462 terrarum
534 1406 568 1461 et
588 1405 849 1461 tenementcrum
872 1398 968 1460 dictae
991 1397 1118 1460 fabricae
1142 1398 1294 1460 Ecclesiae

142 1499 329 1581 ‹tall-»giam
341 1498 382 1558 de
396 1495 507 1578 llypon
519 1497 757 1578 pertinencium
775 1496 841 1556 sive
858 1495 1089 1576 spectancium,
1094 1493 1294 1577 jacencium,

23 1632 47 1670 ,.
142 1605 176 1654 ot
207 1594 419 1655 ceninensium
449 1593 481 1654 iu
515 1592 629 1674 llppou
660 1591 824 1674 praedicta,
855 1593 894 1652 ad
927 1591 956 1674 xj
970 1592 1003 1653 li.
1030 1591 1060 1674 xj
1074 1611 1098 1654 s.
1122 1591 1170 1673 iiij
1183 1590 1213 1654 d.
1238 1611 1296 1672 per

142 1711 275 1768 ararium,
305 1691 337 1751 iu
374 1702 491 1750 tennra
528 1689 727 1750 diversorum
765 1689 952 1749 tenencinm
991 1687 1123 1764 ibidem,
1154 1707 1295 1769 quorum

144 1787 274 1846 nonrina
303 1805 377 1846 cnm
409 1804 519 1845 corum
551 1783 795 1866 particularibus
827 1785 962 1844 summis
993 1785 1026 1844 iu
1057 1782 1139 1845 libro
1162 1781 1295 1844 Thomae

147 1881 334 1957 lllznsharae,
358 1879 478 1956 clerici,
505 1879 648 1941 custodis
678 1899 714 1940 ac
745 1879 954 1960 supervisoris
986 1877 1112 1940 labricae
1142 1878 1297 1939 Ecclesiae

104 2010 112 2022 ·
144 1976 303 2057 praedictae
335 1975 572 2058 particulariter
599 1976 788 2052 recitantur,
812 1979 847 2035 et
873 1994 970 2056 super
996 1973 1082 2036 hunc
1106 1981 1296 2056 compotum

143 2080 313 2134 rcnrauent
328 2072 496 2133 annuatim
516 2069 658 2131 solveud.
674 2070 714 2131 ad
731 2068 812 2130 festa
826 2069 949 2131 ibidem
965 2069 1091 2132 usualia
1106 2069 1297 2152 aequalitem

144 2166 195 2228 hic
213 2170 245 2231 in
262 2190 357 2231 onere
373 2188 431 2251 pro
445 2187 530 2229 anno
547 2173 582 2227 et
597 2165 732 2227 dimidio
747 2171 786 2227 ut
801 2185 905 2246 supra.

742 2261 885 2339 Summa,
900 2283 941 2323 xv
951 2261 984 2323 li.
1002 2263 1054 2323 xix
1066 2282 1089 2325 s.
1108 2261 1162 2345 viij
1174 2263 1206 2325 (1.

343 2450 478 2509 Summa
494 2445 600 2507 oneris
616 2445 772 2526 praedicti,
788 2466 828 2506 xv
839 2445 873 2508 li.
889 2447 941 2507 xix
952 2468 976 2509 s.
994 2446 1049 2528 viij
1061 2447 1093 2510 d.

212 2581 258 2641 llo
286 2576 609 2663 ‹palma—redditus
635 2576 779 2651 resoluti,
804 2578 891 2639 idem
915 2584 1083 2660 computat
1105 2582 1139 2642 in
1164 2582 1299 2644 redditu

144 2677 285 2738 resoluto
317 2674 441 2737 llallivo
471 2671 595 2732 domini
623 2670 721 2753 Regis
744 2673 784 2733 de
808 2673 933 2755 Rypou,
961 2682 1101 2737 exeunte
1131 2677 1172 2738 de
1203 2681 1300 2740 terris

147 2771 308 2853 praedictis
331 2769 372 2831 ad
396 2766 459 2848 xxij
472 2767 503 2827 d.
527 2785 584 2847 per
605 2785 738 2842 annum,
762 2767 884 2830 scilicet
907 2771 941 2830 iu
963 2769 1158 2834 allocacione
1183 2773 1301 2855 hujus·

146 2866 232 2928 randi
251 2867 396 2927 redditus
412 2882 469 2942 pro
485 2860 610 2922 duobus
626 2862 719 2921 annis
730 2863 865 2943 integris
874 2864 976 2926 finitis
992 2867 1031 2925 ad
1049 2866 1169 2929 festum
1187 2869 1300 2933 Sancti

147 2959 315 3023 Michaelis
348 2955 552 3036 Archangeli,
582 2976 667 3016 anuo
697 2958 797 3018 tercio
828 2958 926 3042 Regis
957 2963 1114 3043 praedicti,
1143 2985 1181 3026 eo
1212 2967 1299 3048 quod

145 3056 293 3119 solubilia
317 3063 367 3116 cst
391 3053 431 3113 ad
456 3052 574 3113 festum
604 3052 713 3113 Sancti
741 3051 911 3115 Michaelis
935 3055 1129 3140 Archangeli
1155 3067 1300 3139 tantum,

146 3153 181 3235 iij
195 3175 220 3212 a.
247 3151 299 3231 viij
312 3152 342 3212 d.
391 3148 434 3207 lit
462 3149 493 3207 in
520 3147 680 3207 consimili
711 3149 841 3210 redditu
866 3152 1008 3213 resoluto
1032 3154 1172 3218 firrnario
1196 3179 1302 3239 nuper

146 3247 326 3332 praela-udae
339 3247 380 3306 de
398 3243 546 3323 Studley,
562 3248 702 3302 exeunte
716 3242 755 3302 de
768 3245 861 3305 terris
878 3249 1068 3327 supradictis
1083 3253 1122 3311 nd
1136 3252 1194 3333 ijs.
1208 3255 1256 3336 iiij
1268 3255 1300 3317 d.

149 3365 205 3426 per
232 3363 366 3416 annum,
393 3337 521 3398 solubili
553 3337 592 3398 ad
625 3337 744 3397 festum
769 3338 877 3401 Sancti
907 3343 1076 3407 Michaelis
1103 3347 1301 3434 Archangeli

146 3447 289 3509 tantum,
300 3435 397 3480 -Ι
411 3454 469 3513 per
479 3439 608 3512 tempus
625 3433 811 3512 pradictum
822 3456 917 3497 causa
928 3441 1088 3518 praedicta,
1102 3443 1148 3524 iiij
1161 3465 1186 3507 s.
1200 3447 1256 3529 viij
1269 3447 1302 3508 d.

151 3538 192 3596 lle
221 3535 252 3592 in
283 3531 412 3591 redditu
437 3528 578 3588 resoluto
602 3527 741 3587 firmario
771 3549 874 3610 nuper
897 3534 1075 3614 praebendae
1098 3539 1139 3600 de
1165 3539 1300 3627 [blank]

147 3631 289 3692 exeunte
320 3625 359 3684 de
387 3625 481 3685 terris
508 3623 668 3703 praedictis
692 3624 731 3683 ud
756 3623 798 3705 xij
810 3626 841 3686 d.
865 3647 1077 3710 perannum,
1101 3636 1232 3699 solubili
1260 3640 1303 3701 ad

147 3727 270 3786 festum
296 3719 405 3781 Sancti
430 3716 600 3780 Michaelis
619 3715 810 3800 Archangeli
833 3727 975 3802 tantum,
991 3762 1077 3776 —-
1093 3751 1152 3812 per
1167 3740 1302 3817 ternpus

147 3817 351 3903 preadictum,
368 3814 426 3895 ijs.
472 3815 516 3876 Et
538 3816 573 3875 iu
597 3813 726 3874 redditu
750 3816 889 3879 resoluto
913 3822 1092 3886 Camerario
1115 3828 1213 3891 dictae
1241 3832 1304 3893 Ec·

148 3913 268 3985 clesiae,
285 3916 423 3971 exeunte
446 3911 486 3972 de
508 3910 603 3972 terris
629 3909 789 3988 praedictis
812 3912 851 3972 ad
868 3913 897 3993 vj
911 3935 934 3976 s.
959 3917 1014 3999 viij
1027 3920 1057 3982 d.
1081 3942 1140 4003 per
1163 3945 1300 4006 aunum,

150 4041 239 4056 .-
256 4023 313 4084 pru
328 4024 411 4066 anuo
428 4009 557 4088 integro
579 4004 664 4066 inira
686 4012 816 4086 tempus
839 4005 936 4091 hujus
959 4020 1099 4097 compoti
1120 4022 1304 4102 accidente,

150 4105 180 4186 vj
195 4124 219 4163 s.
244 4096 300 4177 viij
313 4096 344 4158 d.
389 4101 431 4164 Et
454 4104 489 4164 in
512 4102 644 4164 redditu
670 4100 811 4163 resoluto
837 4103 966 4169 domino
993 4110 1075 4195 Regi
1108 4123 1146 4177 ut
1174 4120 1206 4179 in
1228 4118 1304 4201 jure

151 4214 259 4276 nuper
276 4192 390 4255 vicario
412 4197 564 4261 Ecclesiae
580 4198 675 4260 dictae
690 4216 793 4277 nuper
807 4197 992 4285 Collegiatae
1007 4208 1049 4269 ud
1065 4210 1100 4292 iij
1114 4232 1138 4274 s.
1155 4215 1188 4275 ix
1198 4215 1230 4278 (1.
1247 4237 1307 4298 per

456 4392 499 4462 (l)
519 4385 654 4458 ‘scilicet'
665 4393 726 4456 etc.,
739 4387 807 4442 after
818 4391 883 4445 each
895 4394 993 4450 clause.
