2978 4996
31 1093 82 1138 Tire
93 1093 162 1165 'lra-

30 1214 139 1260 account.

202 276 249 346 rt
494 289 503 305 ·
572 295 779 348 nnuomsns
804 296 849 348 or
874 293 993 349 nicos.

268 465 402 526 Summa
427 463 659 527 allooacionum
685 471 719 528 et
746 464 977 526 liberacionum
1001 463 1242 557 praedietprum,
1266 484 1306 525 xx
1317 463 1353 528 li.

203 562 255 620 xix
266 580 291 621 s.
320 559 374 642 viij
386 560 418 622 d.
472 560 550 634 Quae
575 580 701 622 summa
724 560 894 642 coaequalis
918 568 969 623 est
993 580 1069 621 cum
1094 579 1222 621 summa
1245 561 1353 621 oneris

203 657 359 737 predicti.
403 656 447 719 Et
462 656 593 739 quietus
609 661 668 719 est.

203 880 386 936 OFFICIUM
416 879 687 934 TIIFSAURARII
717 879 915 934 EOCLESIAE
940 878 1072 933 NUPER
1096 876 1354 933 COLLEGIATAE

672 968 724 1021 DE
747 967 887 1023 RYPON.

272 1093 446 1186 Compotus
461 1091 593 1154 Thomae
615 1089 828 1169 Blackbume,
844 1090 970 1168 Clerici,
985 1089 1200 1167 Thesaurarii‚
1216 1087 1356 1170 Compu-

207 1192 308 1253 tantis
323 1211 379 1271 pro
395 1210 459 1251 uno
474 1208 559 1250 anno
574 1189 713 1271 integro,
729 1187 821 1250 finito
843 1187 884 1249 ad
907 1187 1028 1250 festum
1052 1186 1163 1250 Sancti
1185 1183 1356 1247 Michaelis

210 1285 412 1369 Archangeli,
427 1304 512 1347 anno
528 1286 627 1346 tercio
642 1284 741 1368 Regis
756 1284 913 1366 praedicti.

680 1448 885 1511 Ammon.

275 1568 384 1646 Nulla,
399 1568 475 1651 quia
491 1573 541 1630 est
556 1568 678 1650 primus
695 1575 862 1651 compotus
877 1569 919 1631 ad
935 1588 1031 1631 usum
1047 1568 1171 1631 domini
1187 1567 1297 1650 Regis.

1007 1667 1152 1743 Summa,
1167 1664 1269 1727 nulla.

577 1777 727 1840 Rscnrm
751 1778 985 1841 Dmsnronou.

278 1910 341 1972 Sed
368 1908 540 1989 respondet
566 1908 606 1970 de
633 1907 697 1970 xli.
724 1909 765 1970 de
792 1909 933 1970 denariis
958 1909 1129 1970 annuatim
1156 1907 1295 1989 receptis
1318 1905 1358 1967 de

215 2004 383 2089 lbutuipbo
409 2003 596 2088 Sigeswilre‚
622 2003 755 2082 Clerico,
777 2003 955 2067 Camerario
986 2006 1081 2067 dictae
1113 2003 1264 2066 Ecclesiae
1286 2002 1359 2065 Col·

212 2105 341 2187 legiatae
357 2105 396 2164 de
413 2102 527 2185 ltypon
552 2100 611 2164 boc
631 2122 728 2179 anno,
743 2103 828 2165 sicut
850 2102 1037 2165 continetur
1059 2103 1095 2163 in
1116 2101 1251 2162 diversis
1273 2120 1361 2162 eorn-

214 2204 299 2285 potis
314 2198 581 2284 precedentibus.

1047 2285 1192 2363 Summa,
1208 2283 1273 2348 xli.

610 2425 734 2488 Exrrns
757 2424 965 2488 Nnrmsnnn.

282 2551 325 2611 Et
340 2549 380 2610 de
395 2545 492 2628 xxviij
506 2569 530 2608 s.
546 2545 602 2629 viij
614 2547 645 2609 d.
661 2547 702 2609 de
722 2548 862 2610 exitibus
877 2553 912 2609 et
927 2545 1076 2628 proficuis
1098 2543 1363 2628 provenientibus

216 2647 257 2707 de
282 2646 417 2727 Nupciis
443 2643 565 2704 ibidem
590 2642 672 2703 infra
694 2647 824 2725 tempus
847 2643 945 2725 hujus
967 2643 1110 2724 compoti
1132 2640 1364 2717 accidentibus,

217 2749 313 2825 prout
346 2763 403 2823 per
436 2740 554 2802 librum
587 2740 665 2801 dicti
697 2738 899 2802 Thesaurarii
931 2739 1169 2822 particulariter
1198 2743 1301 2821 patet,
1331 2743 1367 2798 et

220 2859 316 2920 super
339 2835 426 2898 bunc
448 2842 635 2917 compotum
658 2843 832 2914 ostensum,
855 2842 890 2899 et
920 2837 1008 2898 inter
1036 2833 1246 2897 memoranda
1267 2831 1366 2916 hujus

219 2937 295 2997 anni
312 2938 545 2996 remanentem.

867 3022 1012 3099 Summa,
1027 3018 1124 3101 xxviij
1138 3040 1162 3082 s.
1180 3018 1233 3100 viij
1246 3018 1277 3080 d.

471 3166 596 3229 Exrrus
619 3166 905 3230 Pumrrcscronuu
927 3167 1123 3230 Mommsen.

289 3291 332 3350 Et
355 3289 395 3351 de
420 3288 449 3372 vj
463 3311 487 3351 s.
511 3289 571 3353 xd.
595 3290 636 3351 de
659 3289 800 3352 exitibus
817 3296 850 3351 et
865 3289 1014 3372 proficuis
1029 3285 1293 3370 provenientibus
1307 3284 1369 3347 hoc

223 3410 307 3449 anno
331 3388 371 3448 de
398 3386 686 3448 Purificaeionibus
711 3386 888 3448 Mulierum
914 3407 988 3448 enm
1015 3383 1223 3448 Crismalibus
1247 3382 1369 3445 ibidem

224 3486 307 3547 infra
325 3490 452 3566 tempus
468 3482 567 3564 hujus
583 3485 724 3565 compoti
741 3483 972 3561 accidentibus,
987 3488 1083 3564 prout
1106 3487 1198 3563 patet
1221 3500 1279 3561 per
1302 3478 1370 3540 dic-

225 3591 295 3644 tum
323 3581 443 3642 librum
466 3578 670 3642 Thesaurarii
698 3601 792 3661 super
818 3579 905 3642 hunc
934 3586 1120 3662 compotum
1147 3584 1314 3639 ostensum
1337 3581 1373 3637 et

225 3681 311 3740 inter
328 3677 532 3739 memoranda
546 3674 644 3759 hujus
659 3678 736 3738 anni
751 3682 984 3739 remanentem.

976 3773 1123 3851 Summa,
1138 3770 1168 3855 vj
1181 3794 1206 3834 s.
1222 3771 1284 3833 xd.

573 3910 776 3974 Ontsmovns
799 3911 1027 3974 Morruoamu.

296 4033 337 4092 lit
361 4032 401 4093 de
424 4030 446 4113 ij
460 4055 483 4095 r.
508 4033 563 4115 viij
575 4033 606 4096 d.
630 4034 670 4095 de
693 4033 842 4116 proficuis
864 4031 1129 4115 provenientibus
1152 4029 1212 4092 boc
1234 4049 1319 4092 anno
1334 4029 1374 4092 de

229 4129 457 4191 Oblncionibus
480 4131 683 4193 Mortuorum
706 4131 827 4192 ibidem
852 4129 936 4191 infra
959 4135 1089 4210 tempus
1112 4126 1211 4210 hujus
1235 4127 1377 4207 compoti

229 4226 462 4305 arridentibus,
491 4233 587 4310 prout
617 4227 855 4309 particulariter
884 4231 976 4308 patet
1005 4245 1062 4307 per
1093 4225 1218 4286 dictum
1256 4223 1376 4284 librum

230 4321 442 4386 Tbesaumrii.

954 4411 1099 4489 Summa,
1114 4409 1173 4492 ijs.
1191 4406 1245 4491 viij
1256 4407 1289 4469 d.
